@Book{Wilf1990,
title={generatingfunctionology},
author={Herbert S. Wilf},
publisher={Academic Press},
year=1990,
isbn={0-12-751955-6}
}

@Book{Strang1986,
title={Introduction to Applied Mathematics},
author={Gilbert Strang},
publisher={Wellesley-Cambridge Press},
address={Wellesley, Massachusetts},
year=1986,
isbn={0-9614088-0-4}
}

@Book{Shoup2005,
title={A Computational Introduction to Number Theory and Algebra},
author={Victor Shoup},
publisher={Cambridge University Press},
year=2005
}

@Book{Schneierman2012,
title={Mathematics: A Discrete Introduction},
edition={third},
author={Edward A. Scheinerman},
publisher={Brooks Cole},
year=2012,
isbn={978-0-8400-4942-1}
}

@Book{Ross,
title={Probability Models for Computer Science},
author={Sheldon M. Ross},
publisher={Academic Press},
year=2001,
isbn={978-012-598051-7}
}

@Book{Polya1957,
title={How to Solve It: A New Aspect of Mathematical Method},
edition={second},
author={G. Polya},
publisher={Princeton University Press},
firstyear=1957,
year=1971,
isbn={0-691-02356-5}
}

@Book{MichaelsR1991,
title={Applications of Discrete Mathematics},
author={John G. Michaels and Kenneth H. Rosen},
publisher={McGraw-Hill},
year=1991,
isbn={0-07-041823-3}
}

@Book{HaggardSW2005,
title={Discrete Mathematics for Computer Science},
author={Gary Haggard and John Schlipf and Sue Whitesides},
publisher={Brooks Cole},
year=2005,
isbn={978-0-534-49501-5}
}

@Book{GrinsteadS,
title={Introduction to Probability},
edition={second revised},
author={Charles M. Grinstead and J. Laurie Snell},
publisher={American Mathematical Society},
year=1997,
isbn={978-0-8218-0749-1}
}

@Book{GrahamKP1994,
title={Concrete Mathematics: A Foundation for Computer Science},
edition={second},
author={Ronald L. Graham and Donald E. Knuth and Oren Patashnik},
publisher={Addison-Wesley},
year=1994,
isbn={0-201-55802-5},
}

@Book{GoodaireP2001,
title={Discrete Mathematics with Graph Theory},
edition={second},
author={Edgar G. Goodaire and Michael M. Parmenter},
publisher={Prentice Hall},
year=2001,
isbn={0-13-092000-2},
}

@book {MR0228020,
    AUTHOR = {Feller, William},
     TITLE = {An Introduction to Probability Theory and Its Applications.
              {V}ol. {I}},
    SERIES = {Third edition},
 PUBLISHER = {John Wiley \& Sons Inc.},
   ADDRESS = {New York},
      YEAR = {1968},
     PAGES = {xviii+509},
   MRCLASS = {60.00},
  MRNUMBER = {0228020 (37 \#3604)},
MRREVIEWER = {J. G. Wendel},
}

@book {MR1818534,
    AUTHOR = {Cupillari, Antonella},
     TITLE = {The Nuts and Bolts of Proofs},
   EDITION = {fourth},
 PUBLISHER = {Academic Press},
      YEAR = {2012},
      ISBN = {978-0-12-382217-8},
}

@Book{CormenLRS2009,
title={Introduction to Algorithms},
edition={third}, 
author={Thomas H. Cormen and Charles E. Leiserson and Ronald L. Rivest
and Clifford Stein},
publisher={The MIT Press},
year=2009,
isbn={978-0-262-03384-8}
}

@book {MR1633290,
    AUTHOR = {Bollob{\'a}s, B{\'e}la},
     TITLE = {Modern Graph Theory},
    SERIES = {Graduate Texts in Mathematics},
    VOLUME = {184},
 PUBLISHER = {Springer-Verlag},
   xxx-ADDRESS = {New York},
      YEAR = {1998},
     PAGES = {xiv+394},
      ISBN = {0-387-98488-7},
   MRCLASS = {05-01 (05-02 05Cxx)},
  MRNUMBER = {1633290 (99h:05001)},
MRREVIEWER = {Jerrold W. Grossman},
       DOI = {10.1007/978-1-4612-0619-4},
       URL = {http://dx.doi.org/10.1007/978-1-4612-0619-4},
}

@Book{BachS1996,
title={Efficient Algorithms},
series={Algorithmic Number Theory},
volume=1,
author={Eric Bach and Jeffrey Shallit},
publisher={The MIT Press},
year=1996,
isbn={0-262-02405-5}
}

@book {MR1723092,
    AUTHOR = {Aigner, Martin and Ziegler, G{\"u}nter M.},
     TITLE = {Proofs from {T}he {B}ook},
      xxx-NOTE = {Including illustrations by Karl H. Hofmann,
              Corrected reprint of the 1998 original},
 PUBLISHER = {Springer-Verlag},
   xxx-ADDRESS = {Berlin},
      YEAR = {1999},
     PAGES = {viii+199},
      ISBN = {3-540-63698-6},
   MRCLASS = {00A05 (05-XX 11-00)},
  MRNUMBER = {1723092 (2000k:00001)},
MRREVIEWER = {E. J. Barbeau},
}
